2744 4560
392 101 395 108 ’
799 97 805 124 l

204 205 247 277 58
487 195 516 272 .'
660 203 848 282 BRUTUS·
938 226 942 238 ·

206 367 323 435 cendia
352 381 438 452 qnae
459 364 491 430 si
511 365 677 431 minorem
698 363 825 432 babent
837 363 1035 451 apdaratnnr
1053 397 1100 419 ι-
1120 380 1210 434 sunt
1226 373 1321 438 eninr

119 515 127 530 ,
206 456 310 520 exilia
327 458 377 510 '-.
396 463 507 520 tamen
541 452 664 518 habent
692 454 846 515 ordinem
875 463 909 516 et
934 455 1106 538 quasdam·
1121 453 1258 522 errare
1287 464 1319 522 in

133 557 151 566 ’·
207 539 350 606 dicendo
380 553 449 602 non¹
478 535 646 624 patientes·
666 537 751 603 vias.
794 539 867 605 Has
888 541 947 604 ille
969 552 1085 610 tonans
1107 541 1145 604 bt
1165 556 1316 628 paratus

205 627 250 690 ad
272 643 406 690 nauseas
425 617 577 704 veniens,
589 626 774 688 verborum
793 644 860 686 non
873 629 984 712 ‘egens
1006 626 1154 710 ipsi-illa
1169 649 1316 718 compa·
1353 695 1354 700 ,

205 711 605 795 rationediseiplindque
627 707 762 774 dicendi
781 709 848 772 iarn
869 713 906 772 in
936 719 1157 794 patronorum
1186 737 1314 779 nume·

134 799 284 870 264rnm
303 807 516 881 pervenerat.
556 797 636 860 Erat
655 798 758 859 etiarn
778 798 835 862 vir
855 794 975 860 doctus
994 799 1030 872 in
1048 799 1168 881 primis
1185 803 1232 868 C.
1253 805 1312 866 Vi-

205 885 324 952 ee'llins
350 879 483 960 Varro,
512 883 735 944 consobrinus
760 901 875 957 meus,
906 885 965 966 qui
985 886 1052 954 luit
1072 905 1149 948 cum
1172 885 1310 951 Sicinio

204 979 316 1035 aetate
346 971 558 1032 coniunctus.
611 969 643 1031 la
674 983 779 1050 quarn
804 977 880 1048 post
905 970 1058 1033 curulem
1086 971 1300 1036 aedilitatem

204 1058 310 1120 index
331 1055 542 1139 quaestionis
561 1063 664 1138 esset,
687 1063 739 1116 est
758 1063 927 1139 mortuus:
950 1057 986 1116 in
1003 1074 1071 1140 qno
1084 1059 1203 1120 fateor
1216 1059 1297 1144 vulgi

203 1143 367 1226 iudicium
396 1160 417 1203 a
444 1137 574 1201 iudicio
602 1157 678 1202 meo
709 1139 916 1204 dissensisse.
967 1139 1055 1204 Nam
1084 1145 1225 1226 populo
1246 1165 1300 1206 non

147 1217 167 1234 ⁴
205 1237 281 1294 erat
301 1231 388 1292 satis*
403 1225 604 1290 vendibilis:
631 1241 793 1310 praeceps
813 1225 976 1308 quaedam
999 1235 1033 1290 at
1048 1246 1158 1310 quum
1173 1231 1303 1294 idcirco

205 1311 470 1393 obscuraq'quia
490 1321 666 1392 peracuta,
687 1323 760 1374 enm
778 1312 895 1392 rapida
915 1321 950 1376 et
970 1313 1146 1390 celeritate
1170 1329 1304 1380 caecata

106 1441 110 1448 -
206 1400 334 1481 oratius
371 1397 431 1462 sed
460 1416 569 1480 neque
597 1399 712 1462 verbis
740 1387 904 1482 aptiorem
937 1399 1006 1461 cito
1027 1399 1132 1461 adnm
1156 1401 1302 1465 dixerim

204 1504 316 1566 neque
339 1484 514 1546 sententiis
537 1485 757 1547 crebriorem.
802 1484 980 1547 Praeterea
993 1486 1174 1569 perfectus
1196 1490 1238 1550 in
1264 1490 1299 1549 li-

203 1573 311 1648 teris,
331 1570 486 1652 iurisque
507 1570 619 1632 civilis
640 1571 714 1630 iam·
728 1587 754 1632 a
769 1580 865 1654 patre
883 1566 1056 1643 Aculeone
1067 1572 1236 1637 traditam
1256 1583 1299 1637 te·

133 1655 283 1744 '255nuit
316 1654 539 1740 disciplinam.
594 1655 739 1738 Reliqui*
760 1665 853 1736 sont,
887 1659 947 1740 qui
969 1657 1099 1742 ,monui
1129 1669 1234 1734 snat,
1261 1662 1295 1725 L.

202 1743 433 1826 Torquatua,·
447 1759 548 1823 qnam
575 1749 614 1806 tn
634 1759 701 1806 non
723 1751 791 1804 mm
813 1743 879 1805 cito
900 1741 1071 1805 rhetorem
1092 1742 1295 1808 dixisses·-

105 1851 108 1856 ’
204 1831 270 1904 etei
282 1847 350 1890 non
365 1827 482 1891 deerat
495 1827 605 1890 oratio
616 1860 661 1881 -v
673 1831 781 1915 quam,‘
796 1837 835 1890 ut
851 1824 976 1891 Graeci
990 1825 1120 1908 dicunt,¹
1132 1827 1291 1894 martur.

202 1915 308 1980 Erant
327 1915 364 1976 in
385 1934 426 1976 eo
447 1905 611 1994 plurimae
631 1915 770 1995 literae,
785 1931 860 1977 *nec
880 1933 940 1976 eae
961 1915 1141 1998 vulgares,
1164 1917 1226 1980 sed
1248 1920 1294 1978 in·
1353 1953 1354 1964 r

201 2003 347 2072 teniores
369 1999 529 2084 quaedam
543 2003 585 2081 'ct
605 2000 819 2075 reconditae3'
854 1997 976 2062 divina
993 2003 1175 2080 ¹anemoria,
1205 2023 1293 2065 aum·
1353 2007 1354 2080 j

124 2130 127 2142 ·
202 2105 258 2150 ma
287 2088 471 2149 verborum
500 2097 535 2148 et
556 2088 703 2169 gravitas
724 2092 759 2148 el
779 2086 964 2170 elegantiae
995 2095 1097 2169 atque
1118 2086 1292 2150 baecom·
1353 2085 1354 2116 ³

134 2185 136 2192 ’
202 2174 260 2236 nia
289 2175 378 2234 vitae
406 2170 584 2235 decorabat
612 2171 757 2256 dignitas
785 2181 820 2232 et
848 2172 1034 2255 integritas.
1079 2171 1140 2235 Me
1159 2174 1288 2254 quidem

203 2257 383 2342 admodum
410 2257 597 2319 delectabat
627 2259 728 2318 etiarn
754 2251 886 2320 'I'riarii
918 2261 954 2318 in
981 2255 1039 2318 itta
1068 2267 1169 2320 aetate
1189 2256 1282 2337 piena

136 2400 140 2407 .
202 2341 361 2406 literatae
391 2344 575 2405 senectutis
602 2343 734 2404 orati0.'·
757 2343 910 2424 'Quanta
942 2345 1107 2414 severitas
1128 2346 1162 2404 in
1177 2343 1286 2408 uultui

202 2436 367 2510 qnantum
388 2427 519 2508 pondus
540 2429 575 2490 iu
597 2425 724 2490 verbis!
747 2444 848 2512 qnam
868 2428 1034 2490 nibilnon
1048 2425 1291 2508 consideratum

131 2515 320 2590 efifiexibat
350 2533 391 2576 ex
420 2521 498 2578 ore!
534 2513 621 2588 Tam
640 2513 786 2592 Brutus,
808 2513 976 2598 Torquati
995 2520 1031 2577 et
1050 2513 1184 2582 Triarii
1204 2533 1290 2578 men·
1352 2559 1353 2562 ,

203 2603 297 2663 tione
318 2609 505 2662 commotus
525 2631 569 2681 ·.··
590 2607 768 2681 utrumque
790 2600 880 2664 enim
900 2617 1019 2662 eorum
1045 2600 1226 2664 adrandum
1246 2601 1291 2663 di·

195 2687 350 2765 lexerat,
368 2711 413 2732 ..-
428 2684 513 2748 ·Nae
543 2703 626 2770 ego,
647 2686 778 2766 inquit,
807 2695 845 2746 ut
869 2687 1020 2750 omittam
1045 2695 1180 2768 cetera,
1212 2706 1290 2770 qnae

161 2831 165 2836 ,
202 2781 281 2838 sunt
301 2771 579 2850 innumerabilia,
602 2769 643 2832 de
666 2771 741 2832 istie
761 2771 891 2834 duobus
913 2791 1018 2855 quum
1039 2773 1175 2854 cogito,
1198 2773 1288 2836 dolen
1352 2785 1353 2794 ¹

70 2853 73 2860 ’
201 2858 290 2920 nihil
319 2868 416 2923 tuam'
443 2865 638 2941 perpetuam
668 2857 902 2920 auctoritatem
934 2856 984 2937 dax
1010 2876 1093 2940 paee
1129 2860 1288 2923 velarine!

201 2960 280 3008 narn
308 2963 370 3006 nec
401 2945 483 3008 istos
517 2939 720 3006 excellentes
744 2943 837 3032 viros
861 2961 923 3007 neo
945 2943 1073 3005 mullos
1089 2944 1177 3008 alios
1198 2965 1291 3028 prae-

201 3039 327 3094 stantes
349 3027 442 3092 cives
464 3029 654 3112 respublica
672 3026 888 3111 perdidisset.
936 3027 1119 3111 Silaamns,
1145 3031 1289 3113 inquam,
1352 3059 1353 3118 q

200 3115 328 3194 Brute,
351 3115 507 3192 deictis,
529 3135 571 3176 ne
594 3133 775 3200 augeamus
797 3114 964 3177 dolorem:
984 3133 1060 3176 nam
1081 3124 1117 3178 at
1130 3119 1291 3197 praeteri·
1352 3121 1353 3134 ¹

199 3209 314 3267 torum
335 3200 527 3264 recordatio
549 3208 601 3262 est
619 3201 759 3280 acerba,
782 3201 817 3264 et
836 3201 993 3264 acerbior
1013 3204 1217 3282 exspectatio
1235 3221 1285 3272 re·
1351 3275 1352 3282 q

199 3285 394 3367 liquorum3
431 3286 546 3367 itaqua
583 3287 775 3348 omittamus
809 3279 936 3368 lugere
966 3297 1001 3350 et
1032 3295 1175 3367 tanturn,
1207 3282 1282 3367 qnid

199 3373 338 3523 quisque
362 3368 504 3436 dicendo
523 3371 698 3456 poluerit,
719 3371 878 3456 quoniam
900 3371 935 3434 id
957 3372 1163 3456 quaerimus,
1185 3377 1283 3455 prae-⁸

224 3477 362 3522 acernus.
544 3467 550 3477 ’
645 3488 648 3506 1
965 3501 967 3506 -
1066 3457 1068 3468 ¹
1131 3475 1134 3484 ’

130 3536 723 3710 2fi7cider1ssttt'ttsstmqqqqseqqqr
736 3541 1287 3711 σῇοιιιὶῑῖἰῗένιίιθὲἒέιῗξαξέιιῗηὲἓι
1351 3609 1352 3622 ’

198 3715 401 3800 pracsertim
431 3731 498 3778 non
529 3723 617 3777 osset
646 3725 778 3795 orator,
807 3725 842 3778 ot
862 3718 933 3798 egit
954 3715 1059 3778 multa
1081 3725 1285 3794 constanter:
1351 3729 1352 3740 ¹

81 3865 84 3876 ι
180 3801 332 3880 ,Αρρίιιο
354 3798 532 3880 Claudius,
555 3809 772 3881 sosarinus,
796 3801 926 3885 collega
942 3801 1167 3864 etfamiliaris
1182 3807 1290 3879 naeus3

76 3947 80 3956 ,
129 3892 134 3910 ’
191 3886 258 3950 'bic
292 3887 359 3948 inm
387 3896 422 3950 et
441 3887 531 3950 satis
564 3887 732 3948 studiosus
760 3896 796 3949 et
823 3889 921 3951 valde
950 3905 1053 3970 qnnm
1078 3887 1195 3951 doctus
1222 3899 1294 3950 tum
1351 3901 1352 3918 ¹

200 3974 303 4035 etiam
316 3971 529 4050 [exercitatus
552 3983 687 4052 orator,
719 3980 754 4032 et
775 3991 876 4054 quum
897 3974 1071 4058 auguralis
1093 3981 1166 4036 tura
1186 3977 1292 4036 omnis
1351 3979 1352 4044 l

200 4057 332 4140 publici
359 4052 446 4119 iuris
476 4057 751 4140 antiquitatisque
782 4063 917 4120 nostrae
944 4061 1028 4122 bene
1056 4059 1189 4138 peritus
1217 4061 1292 4122 init.

200 4143 240 4207 la
268 4141 559 4215 Domitiaenulli
587 4143 649 4206 illo
680 4140 816 4225 qnidam
837 4153 930 4224 arta,
962 4143 1021 4207 aad
1041 4143 1165 4208 Latine
1185 4153 1296 4225 umen

461 4491 467 4522 l
