2744 4560
1103 109 1170 188 ‚v

239 201 242 211 ’
385 185 844 328 ὀΔΡυΜιιῐτκιιιι
997 185 1043 228 ”
1120 250 1165 319 aa

8 417 166 482 tamem
185 355 281 476 satis·
323 401 415 474 'lum
435 366 578 488 Brutus,
598 373 985 495 repraesentante,
1008 421 1043 490 et
1063 367 1230 496 amaaibd
1268 415 1271 424 “

6 519 12 558 ι
35 498 233 579 putabam.
275 489 405 558 Audivi
425 491 648 576 animuupsr
666 511 746 556 eum
766 493 917 560 studiose
943 507 980 564 et
1002 501 1163 584 trequen-

6 605 12 646 ι
37 595 114 650 ter
131 579 259 662 ‘snut
287 589 393 664 quum
421 597 464 640 ex
485 594 528 642 eo
547 576 602 643 ius
620 586 773 646 nostrum
792 581 1008 666 pontificum,
1031 605 1098 670 qua
1119 607 1163 656 ex
1257 619 1261 636 ι

6 691 12 732 t
40 675 162 754 parto
183 665 362 748 cumiano
381 662 480 730 civili
498 663 853 754 coninnotnmessat,
885 667 1007 734 vellem
1037 691 1163 757 cogno-
1245 705 1248 719 ·

6 775 15 818 r
41 772 180 826 scere,
196 761 232 818 et
249 769 340 817 nuno
360 767 474 814 meum
493 747 659 814 iudicium
677 748 785 815 multo
804 753 912 838 magis
935 757 1095 826 confirmo
1110 767 1163 837 te-
1208 819 1212 832 ,

10 891 13 902 .
45 840 225 905 stimonio
246 846 282 902 et
298 833 429 902 iudicio
449 845 525 900 tuot
540 834 652 902 ,simul
672 835 759 903 illud
779 838 931 925 gaudeo,
944 843 1034 924 quod
1056 852 1091 909 et
1105 861 1162 917 ao·
1232 917 1233 926 ἵ

6 979 7 1006 ,
47 927 210 1010 qualitas
231 931 345 1006 vestm
366 931 520 1006 etparcs
539 919 708 998 honorum
727 923 851 1006 gradus
872 933 908 989 et
934 927 1061 992 artium
1091 937 1163 992 stu-

8 1037 14 1079 t
47 1014 271 1094 dierumque
296 1008 394 1094 quasi
421 1007 567 1084 finitima
590 1008 748 1074 vioinitas
775 1016 905 1076 tantum
925 1013 1022 1078 abest
1040 1013 1082 1078 ab
1105 1017 1164 1079 olt-
1236 1077 1237 1082 ,
1310 1025 1321 1052 ’·

6 1125 13 1168 ι
47 1097 268 1162 arcentium
286 1093 504 1180 invidiaque,
524 1113 611 1177 quaa
631 1094 719 1186 solet
737 1094 889 1162 lacerare
906 1097 1101 1184 plerosque,
1121 1108 1168 1175 ut,
1221 1171 1223 1179 Α
1291 1115 1311 1165 .’

6 1191 14 1254 l
48 1202 106 1248 aa
126 1201 195 1248 non
214 1181 314 1268 modo
335 1200 409 1247 non
423 1179 624 1247 exulcerare
634 1186 781 1249 vostram
801 1183 1039 1270 gratiamscd
1060 1188 1163 1251 otiam

6 1297 12 1338 ι
50 1269 249 1335 conciliare
269 1267 438 1335 videatur.
473 1265 585 1350 ¹Quali
601 1266 692 1332 enim
713 1275 749 1331 te
767 1286 850 1356 erga
864 1270 964 1335 illum
978 1272 1163 1355 perspicio,

7 1383 12 1425 r
49 1357 126 1421 tali
153 1355 251 1420 illum
280 1354 317 1444 in
337 1351 384 1418 'te
409 1351 582 1419 voluntate
607 1351 806 1438 iudicioque
842 1358 996 1442 cognovi.
1045 1357 1160 1441 ltaque
1169 1360 1228 1446 157

6 1473 8 1506 ι
48 1443 163 1507 doleo
184 1449 221 1506 st
239 1441 336 1504 illius
356 1438 500 1504 oonsilio
522 1446 558 1501 et
583 1433 643 1502 tud
669 1455 754 1506 voce
786 1440 950 1522 populum
973 1441 1167 1510 Romanum·
1275 1441 1278 1454 '

6 1558 9 1600 i
51 1521 184 1593 carere
203 1535 274 1594 tom
294 1525 373 1590 oin:
403 1521 501 1606 quod
517 1541 708 1608 quumper
727 1525 966 1594 sodolendnm
987 1537 1060 1610 est,
1087 1537 1163 1594 tum
1238 1564 1241 1580 ·
1304 1581 1306 1588 ,

6 1646 10 1686 v
49 1615 174 1680 multo
194 1611 311 1701 magis.
325 1608 565 1692 consideranti,
578 1608 621 1675 ed
634 1629 716 1692 quos
731 1612 796 1698 ista
811 1631 879 1676 nen
899 1613 1063 1679 translata
1081 1615 1162 1698 sint,

6 1693 9 1770 ξ
51 1701 124 1768 sed
137 1699 262 1774 ‚nescio
283 1713 352 1780 quo
372 1701 474 1778 p'acto
488 1693 703 1763 devenerint.
745 1695 815 1768 Hic
828 1697 970 1780 Atticus,
986 1700 1163 1783 Dixeram,

6 1817 8 1856 ι
52 1787 201 1869 inquit,
223 1779 456 1868 aprincipio,
475 1780 518 1845 de
544 1780 716 1866 republica
744 1791 786 1846 ut
814 1785 1010 1864 sileremus3
1048 1786 1163 1870 itaqua

6 1903 8 1940 r
55 1874 246 1936 faciamus:
279 1887 377 1937 nam,
397 1867 431 1930 si
449 1868 517 1930 isto
536 1867 637 1930 modo
651 1869 806 1932 volumus
820 1870 975 1958 singulas
996 1889 1053 1936 res
1073 1870 1163 1935 desi-

57 1957 200 2036 derare,
212 1973 284 2018 non
300 1950 400 2016 modo
415 1950 580 2035 merendi
600 1951 660 2017 sed
680 1971 724 2018 ne
744 1951 883 2036 lugendi
904 1956 1041 2040 quidem
1061 1957 1163 2024 linens
1219 2033 1225 2040 .

56 2063 102 2108 re
131 2059 286 2107 erremus·
526 2081 528 2086 -
931 2095 934 2102 ,
1055 2083 1057 2089 ·
1133 2050 1136 2060 '
1192 2085 1194 2090 .
1256 2080 1261 2094 ι

103 2062 275 2190 ΡΧΙιΙΗ.
316 2122 497 2206 Pergamus
519 2141 619 2209 erpo,
640 2121 796 2207 inquam,
824 2117 868 2189 ad
887 2125 1022 2212 reliqua
1047 2135 1082 2193 ct
1108 2123 1233 2194 iii-168

56 2215 219 2281 stitutum
241 2208 397 2274 ordinem
417 2225 669 2293 persequamur.
710 2210 852 2277 Paratus
871 2199 983 2299 igitur
1006 2215 1167 2282 'veniebat
1212 2209 1218 2226 '
1257 2289 1263 2302 Ι

59 2301 226 2386 Crassus,
248 2296 521 2378 exspectabatur,
542 2294 758 2360 audiebatur:
791 2317 812 2360 a
840 2301 1011 2385 principio
1038 2297 1169 2381 statim,-

62 2383 159 2470 quod
185 2379 375 2464 erat'apnd
403 2399 481 2442 eum
510 2397 647 2458 semper
667 2392 883 2464 accuratum,
913 2387 1167 2468 exspectatione

61 2466 405 2553 dignus-videbaturr
435 2482 504 2528 non
522 2467 629 2528 multa
650 2465 788 2530 iactatio
813 2473 987 2551 corporis,
1018 2477 1086 2532 non
1115 2471 1167 2534 in·

60 2555 205 2622 clinatio
228 2553 340 2632 vocis,
362 2549 456 2624 nulla
477 2548 717 2628 inambulatio',
746 2571 815 2614 non
844 2551 963 2618 erebra
991 2554 1165 2638 supplosio
1207 2591 1212 2604 ·
1277 2560 1280 2564 ’

60 2640 182 2726 pedise-
209 2635 390 2704 vehemens
411 2644 446 2699 et
465 2633 636 2699 interdum
657 2635 746 2700 irata
767 2646 802 2701 et
813 2638 922 2720 'plena
936 2642 1027 2712 iusti
1037 2639 1165 2704 doloris
1262 2693 1265 2708 .

63 2727 195 2790 oratio:
217 2723 344 2788 multae
367 2729 401 2784 et
421 2739 500 2784 cnm
519 2721 694 2808 ,gravitate
722 2723 881 2788 facetiae:
905 2725 1072 2808 ⁸qnodque
1100 2724 1165 2786 dii-

60 2812 157 2877 ficile
177 2819 248 2890 est,
268 2809 361 2872 idem
382 2814 418 2870 et
437 2815 639 2888 perornatus
661 2814 697 2870 et
715 2809 900 2891 perbrevis.
943 2813 1015 2872 Iam
1047 2812 1084 2873 in
1112 2809 1163 2870 al·
1173 2809 1235 2896 159

63 2893 226 2961 tornando
246 2913 363 2976 parem
384 2891 516 2957 invenit
535 2893 720 2976 nominem:
749 2895 903 2959 versatus
929 2895 1045 2970 estin
1074 2893 1168 2956 omni

66 2985 142 3044 fero
165 2997 287 3062 genere
309 2998 519 3044 caussaruma
542 2986 682 3041 mature
696 2979 733 3039 in
754 2979 867 3042 locum
883 2980 1077 3063 principum
1094 2997 1167 3042 ora·

66 3078 183 3129 torum
203 3064 307 3129 vonit.
351 3064 534 3140 Accusavit
554 3061 594 3128 G.
617 3063 826 3147 Carbonem,
854 3063 1169 3148 eloquentissimum

67 3149 260 3218 hominem,
287 3147 463 3216 admodum
491 3146 703 3213 adolescens:
743 3169 906 3213 summam
935 3151 1067 3237 ingenii
1099 3171 1169 3214 nou
1227 3195 1230 3206 .
1260 3193 1262 3198 .

66 3236 209 3304 laudem
227 3233 342 3310 modo,
361 3233 434 3299 ,sed
461 3235 565 3298 etiam
589 3233 849 3300 admirationem
879 3246 931 3300 est
954 3245 1167 3302 consecutus.

67 3322 233 3392 Defendit
251 3327 368 3402 postea
395 3320 565 3400 Liciniam
591 3320 761 3406 virginem
771 3325 788 3394 ,¹
802 3341 904 3404 quam
933 3341 1038 3387 annos
1058 3311 1238 3386 xxv1116⁰

69 3420 166 3476 natus
188 3415 285 3472 esset.
328 3405 371 3474 Iu
388 3423 428 3468 aa
447 3403 658 3492 ipsacanssa
677 3407 745 3469 luit
775 3406 1065 3491 eloquentissimus
1093 3425 1170 3471 ora·

70 3496 240 3577 tionisqne
262 3492 339 3558 eius
359 3491 500 3572 scriptas
522 3492 685 3574 quaedam
705 3490 816 3578 partes
846 3495 996 3578 reliquit
1046 3492 1171 3569 Voluit

67 3580 265 3660 ,adolescens
286 3579 324 3643 iu
346 3575 479 3642 colonia
500 3577 720 3644 Narbonensi>
741 3597 877 3644 caussae
905 3577 1079 3663 popularis
1106 3576 1171 3640 ali·

74 3665 154 3750 qnid
175 3666 341 3748 attingere
365 3680 506 3748 eamque
528 3664 756 3745 solonianum
773 3667 869 3746 fecit,
891 3663 965 3749 ipsa
988 3664 1170 3730 deducere.
1210 3701 1211 3706 κ
1248 3728 1252 3740 ,

75 3755 189 3817 Exstat
207 3751 245 3812 in
266 3769 340 3815 eam
360 3749 472 3835 legem
494 3751 679 3832 sonionsut
698 3751 749 3814 ita
769 3751 895 3832 dicam,
917 3770 1016 3834 quam
1036 3750 1095 3812 illa
1115 3767 1173 3812 aa·
1206 3803 1213 3818 ,
1349 3797 1355 3805 .

77 3847 126 3902 tas
145 3840 295 3908 ferebat,
316 3837 439 3906 aratio.
480 3833 616 3902 'Multae
638 3835 761 3902 deindo
781 3855 937 3915 caussam
969 3833 1029 3904 sed
1049 3837 1096 3901 ita
1120 3843 1174 3899 ta·
1294 3895 1296 3902 .

77 3925 164 3989 citus
189 3922 394 4005 tribunatus,
425 3925 484 4004 ut,
512 3922 581 3994 nisi
609 3923 648 3986 iu
673 3939 716 3986 oo
744 3921 1175 4010 magistratucoenavisset

78 4007 163 4094 apud
194 4025 396 4091 praeconem
428 4007 595 4074 Granium
623 4007 807 4091 aequetis
842 4009 939 4074 nobis
969 4006 1175 4072 narravisset
1255 4003 1262 4015 ’

78 4093 250 4176 Lucilius,
261 4093 443 4170 'tribunum
462 4094 573 4178 plebis
593 4097 800 4159 nesciremus
826 4095 950 4162 fuisse,
963 4091 978 4114 ⁸
995 4093 1047 4158 lta
1074 4070 1242 4183 pror,3¹6¹

78 4186 152 4264 s'ns,
174 4179 288 4264 inquit
305 4179 449 4246 Brutus:
473 4178 538 4248 aed.
553 4197 600 4248 ne
619 4179 663 4249 do
691 4179 874 4256 Scaevolae
902 4173 1045 4268 quidem.
1064 4173 1176 4242 tribn-
1236 4213 1249 4254 χ

125 4277 467 4354 &cenomannense
557 4317 579 4364 ·.
729 4333 730 4338 ,
884 4267 912 4344 ὅ
