2744 4560
71 151 91 183 .·
205 108 249 176 30
547 158 552 170 t
596 125 601 136 ·
665 96 853 192 BRUTUS.
946 189 952 204 ι

192 251 282 332 Διἰιηι
301 257 351 334 ce't
368 265 453 331 sebe
472 259 614 342 Latine,
646 279 746 346 pamm
765 267 1019 342 tstsponescbns
1047 281 1158 349 nequo
1183 271 1273 332 tam
1301 267 1335 330 id

135 347 141 361 ‘
207 354 293 422 mihi
314 352 460 417 oratoris
483 346 566 428 boni
587 365 688 431 quam
710 346 797 412 civis
813 347 953 410 Romani
966 349 1144 434 proprium
1159 347 1335 418 videtur.

86 447 87 456 ’
144 513 147 520 .
206 435 276 506 ssa
303 447 414 506 tamen
444 434 613 510 bistonios
639 433 677 496 in
697 433 812 497 verbis
834 441 869 497 ct
889 433 1054 520 eligendis
1074 470 1117 486 -
1138 457 1272 521 neque
1299 441 1335 504 id

146 528 155 548 ‘
203 519 324 611 'ipsum‘
345 517 412 588 tam
437 519 569 604 leporis
596 517 734 598 caussi,
769 538 871 600 quam
897 519 1056 604 ponderis
1077 528 1126 570 -·'
1149 531 1188 587 et
1211 525 1335 588 collo·

207 611 322 677 condis
342 619 378 675 ct
397 603 953 691 comprehensionedevinciendis
974 606 1061 672 nibil
1081 625 1150 675 non
1178 608 1231 673 ad
1269 630 1334 674 ra-

195 698 333 762 tionem
356 704 404 776 ¹et
433 704 606 774 tamquam
632 689 675 755 ad
705 698 812 755 artem
841 689 1037 778 dirigebati.
1058 699 1181 759 ‘verum
1194 698 1333 762 mutto

205 785 312 868 magis
335 779 399 846 h'oc
422 779 513 844 ideml
533 777 571 840 in
592 771 837 842 ‘sententiarum
865 777 1069 842 ornamentis
1101 787 1137 848 et
1163 781 1329 844 confor-

139 870 420 937 rimationibus.
462 868 540 963 Quo
562 881 687 948 genere
709 861 788 948 quia
809 871 959 946 praestat
985 864 1148 929 omnibus
1183 867 1326 930 Demo

205 957 350 1036 sthenes,
363 953 493 1018 idcirco
515 969 536 1012 a
556 949 667 1013 doctis
689 958 860 1014 oratorum
877 959 928 1014 est
947 950 1106 1036 princeps
1124 950 1326 1017 iudicatus.

203 1039 363 1122 Σχήματα
392 1039 482 1102 euim
517 1041 607 1117 quae
636 1041 757 1099 vocant
787 1034 928 1114 Graeci,
955 1054 995 1098 ca
1015 1036 1159 1101 maxime
1181 1049 1323 1104 ornant

114 1125 141 1140 ''
202 1138 392 1204 oratorem3
424 1139 533 1204 eaque
560 1121 628 1182 nou
655 1127 724 1181 tem
753 1119 791 1182 in
827 1122 942 1186 verbis
970 1114 1147 1219 pingendis
1178 1119 1321 1194 habent

227 1213 354 1292 cndus,
388 1227 489 1296 quam
516 1206 554 1268 in
587 1204 819 1276 illuminandis
853 1206 1038 1271 sententiis.
1090 1207 1159 1274 Sed
1198 1230 1318 1292 quum

202 1231 288 1362 {aec
311 1312 431 1378 magne
456 1293 493 1355 in
519 1291 690 1375 Antonio,
719 1300 792 1354 tum
819 1293 909 1358 actio
930 1293 1129 1377 singularis:
1161 1315 1258 1379 quae
1283 1298 1314 1362 si

200 1378 384 1470 partienda
406 1388 459 1442 cst
485 1379 522 1464 in
551 1384 694 1466 gestusn'
711 1386 812 1462 atquc
837 1397 974 1459 vocem,
1002 1388 1115 1465 gestus
1139 1391 1219 1446 erat
1239 1401 1314 1446 non

123 1537 132 1546 ,
200 1471 307 1534 verba
327 1467 538 1550 exprimens,
560 1462 619 1527 sed
640 1480 720 1540 cum
741 1465 917 1534 sententiis
938 1481 1145 1552 congruens3
1167 1487 1309 1550 manus,

201 1555 353 1633 humori,
375 1553 501 1630 latera,
524 1547 699 1634 supplosio
714 1548 836 1630 pedis,
857 1558 982 1632 status,
1004 1553 1156 1642 inpcssus
1179 1556 1308 1618 omnis·

151 1693 158 1706 ,
201 1661 268 1726 quc
290 1647 399 1708 motus
420 1649 497 1701 cum
518 1638 622 1700 rebus
635 1633 879 1723 sententiisque
893 1639 1120 1704 constantianas
1144 1658 1214 1703 vox
1231 1661 1306 1722 pen

199 1745 370 1808 manens,
389 1741 510 1787 verum
539 1722 705 1786 subrauca
731 1718 870 1798 naturi;
900 1721 959 1786 sed
977 1722 1051 1786 'boc
1070 1724 1198 1789 sitium
1220 1725 1305 1793 huic

113 1875 118 1888 ,
132 1805 262 1886 sionni
291 1812 331 1876 in
360 1807 484 1890 bonnm
515 1806 745 1871 convertebat.
795 1805 910 1871 Habet
938 1809 1028 1877 enim
1056 1809 1171 1876 flebile
1199 1812 1301 1896 quid-

200 1899 276 1964 dam
296 1900 333 1961 in
355 1894 611 1982 quaestionibus
631 1900 815 1975 aptumque
843 1912 948 1976 quum
976 1893 1026 1966 ad
1046 1895 1147 1962 fidem
1164 1899 1300 1964 ⁴incien-

121 1987 123 1998 ’
171 1986 293 2066 dam,
320 1991 393 2048 tuin
424 1979 468 2045 ad
495 1976 766 2046 misericordiam
793 1981 1088 2056 commovendam
1119 1991 1157 2048 nt
1176 2003 1298 2049 verum

93 2067 94 2070 ’
128 2105 133 2120 1
183 2071 378 2150 ,videretur
407 2069 451 2129 in'
473 2067 539 2132 hoc
569 2063 677 2146 illud,
709 2064 801 2148 quod
827 2066 1086 2130 Demosthenem
1113 2071 1227 2133 ierunt
1246 2072 1292 2152 oi,

199 2158 263 2238 qni
291 2151 533 2241 quaesivisset,
562 2149 645 2236 quid
672 2149 820 2230 primum
849 2160 936 2216 esset
956 2154 993 2214 in
1014 2153 1170 2234 dicendo,
1189 2160 1289 2232 actio-

178 2261 290 2316 ,nem‚·
315 2238 399 2326 qnid
419 2237 612 2316 secundum,
634 2221 728 2309 irioni,
751 2237 886 2301 elidem
903 2239 1057 2321 tertium,
1075 2237 1284 2324 respondisse.
1334 2273 1335 2283 κ

198 2327 304 2393 Nulla
335 2345 390 2390 res
419 2326 525 2410 magis
554 2329 710 2407 penetrat
738 2323 776 2384 in
796 2323 924 2387 animos
943 2343 1070 2408 cosque
1090 2327 1200 2413 fingit,
1220 2326 1290 2389 icr-
1333 2341 1334 2350 ¹

198 2423 288 2502 mat,
309 2411 431 2485 flectit3
459 2412 617 2494 talesque
631 2416 784 2475 oratores
812 2408 926 2476 videri
952 2413 1052 2496 iacit,
1082 2413 1196 2498 quales
1223 2411 1289 2498 ipsi

198 2518 236 2565 sc
256 2498 370 2567 videri
390 2497 522 2562 volunt.
1174 2503 1176 2510 ’

65 2591 68 2596 ’
132 2589 194 2661 145
285 2579 478 2657 XXXVIII.
519 2579 613 2646 Huic
634 2579 694 2644 alii
715 2599 736 2662 p
760 2581 833 2645 rem
861 2600 931 2657 csse
953 2580 1126 2666 dicebant,
1153 2569 1212 2648 alii
1231 2587 1287 2648 s'n·
1330 2623 1331 2627 =

197 2671 402 2754 teponcbant
430 2669 471 2733 L.
502 2667 669 2734 Crassum.
715 2599 804 2730 1flud
833 2661 966 2751 qdidem
993 2679 1218 2742 certeomncs
1238 2672 1284 2736 ita

196 2756 402 2836 iudicabant,
425 2755 591 2818 neminem
612 2773 699 2834 esse,
721 2752 790 2836 qui,
812 2752 934 2816 horum
951 2755 1119 2843 alterutro
1137 2763 1284 2841 patrono,

97 2849 104 2874 ¹
197 2845 398 2928 cuiusquam
419 2841 594 2928 ingenium
624 2839 831 2924 requireret.
879 2840 1062 2924 liquidem,
1092 2837 1282 2927 quamquam

196 2930 344 3010 Antonio
382 2937 514 2992 tantum
541 2929 676 3010 tribuo,
762 2933 878 2989 aetum
913 2926 1142 3009 supradixi,
1178 2939 1281 2994 tamen

111 3019 114 3034 '
196 3016 319 3082 (inesse
340 3011 428 3080 nihil
449 3023 561 3080 statuo
581 3014 657 3077 lieri
679 2943 828 3096 poldon
847 3013 1041 3094 perfectius.
1092 3015 1172 3079 Erat
1198 3035 1279 3078 snm·

195 3119 250 3164 ma
271 3100 438 3186 gravitasz
466 3108 542 3164 erat
567 3118 645 3164 cuns
673 3099 840 3186 gravitate
868 3099 1004 3162 iunctos
1032 3097 1223 3178 facetiarum
1248 3109 1278 3165 et
1324 3129 1325 3144 κ

193 3187 396 3250 urbanitatis
411 3185 591 3267 oratorius,
608 3202 677 3248 non
691 3182 857 3264 scurrilis,
873 3184 986 3266 leposz
1006 3185 1127 3248 Latine
1148 3187 1275 3276 loquen·
1323 3209 1324 3231 ¹

75 3278 80 3296 ¹
194 3271 232 3334 di
263 3275 422 3336 accurata
452 3281 486 3356 ct
513 3273 587 3335 sine
615 3269 770 3334 molestia
798 3269 942 3351 diligens
956 3271 1137 3356 elegantia:
1159 3274 1193 3334 in
1213 3272 1274 3338 dis·
1322 3269 1323 3317 l

117 3385 142 3402 ··
193 3357 337 3422 serendo
358 3357 445 3419 mira
466 3357 666 3440 explicati03
698 3375 797 3439 quum
819 3355 860 3417 dc
882 3357 961 3418 inre
982 3357 1097 3438 civili,
1120 3351 1216 3441 q'uum
1235 3361 1272 3423 dc
1321 3367 1322 3403 l

192 3464 301 3528 aequo
323 3451 356 3507 ct
378 3443 466 3506 bono
488 3441 620 3532 disputa

165 3529 170 3540 ’
193 3529 310 3592 diuum
331 3528 440 3608 copia.
728 3557 730 3568 Δ
1108 3581 1112 3584 .
1317 3537 1320 3577 l

51 3647 55 3666 ι
126 3613 187 3680 144
238 3668 244 3682 ,
278 3611 438 3677 XXXIX.
479 3612 586 3692 Nam,
606 3623 644 3677 ut
664 3609 1046 3678 Antoniusconiecturi
1067 3611 1220 3680 movenda
1240 3619 1271 3682 ei
1310 3575 1319 3663 'l

193 3699 339 3763 sedendi
361 3701 551 3781 suspicione
573 3713 633 3763 aut
652 3697 827 3763 excitanda
841 3701 1165 3782 incredibilsm'pim
1182 3701 1269 3768 babe-
1314 3685 1318 3836 p

117 3817 119 3822 v
191 3787 264 3854 bat,
286 3787 337 3849 sic
358 3787 394 3847 iu
422 3788 695 3868 interpretando,
724 3788 760 3848 in
791 3783 995 3858 definiendo,
1024 3789 1061 3850 ln
1088 3783 1267 3868 explicanda

191 3873 359 3954 aequitate
377 3861 467 3935 'nihil
489 3884 563 3936 crat
583 3874 706 3938 Crasso
727 3873 914 3953 copiosium
937 3871 1040 3955 idque
1063 3893 1264 3956 quamsaepe

191 3957 274 4020 alias
296 3967 369 4021 tum
391 3958 480 4042 apud
501 3959 726 4024 centumviros
747 3960 782 4020 i'n
804 3952 864 4022 Μ’.
895 3957 993 4022 Ourii
1023 3957 1141 4023 causei
1165 3963 1262 4044 cogni-

128 4043 262 4113 mitum
277 4053 343 4112 est
385 4043 436 4123 ita
457 4047 547 4116 anim
567 4039 672 4113 multa
693 4052 765 4111 tum
787 4051 904 4110 contra
916 4043 1080 4134 scriptum
1097 4063 1261 4130 prosaque

622 3452 736 3522 retur,
766 3450 1041 3530 argumentorum
1066 3452 1102 3509 et
1128 3444 1270 3509 similitu·
1319 3447 1321 3532 l
