2744 4560
154 228 156 236 ,
198 121 203 128 ¹
240 127 297 270 ιι,
362 265 364 272 ,
420 112 423 138 ¹
703 129 889 254 saurus.

245 341 283 408 in
312 340 399 414 silea
425 339 615 417 dilatasti
639 339 758 412 caedes
784 349 874 411 esset
899 337 1044 424 ncthue
1063 337 1221 410 homines
1244 341 1349 410 inter

128 455 131 465 ‘
245 430 328 494 fecti
354 424 854 512 insimularetur-quotannis,
882 426 1008 518 partim
1035 427 1136 492 etiam
1156 429 1282 512 liberi,
1311 453 1349 495 se

247 513 380 598 cistulis
401 516 495 597 sius,
517 532 604 598 quae
625 511 770 597 picarias
792 510 834 576 de
856 510 890 576 P.
912 509 1092 601 Cornelio,
1115 515 1154 591 ‚le
1174 514 1349 580 Mummio

247 599 448 666 censoribus
464 597 677 672 redemisset,
698 595 890 682 decrevisse
911 608 1083 682 senatum,
1111 609 1152 665 ut
1174 599 1223 674 de
1247 619 1295 666 ea
1319 623 1349 666 rc

198 677 240 744 86
248 693 490 772 cognoscerent
510 695 546 750 et
567 693 753 752 statuerent
778 683 942 750 consules
992 685 1152 759 caussam
1179 703 1248 772 pro
1281 708 1346 770 pn-

218 797 221 804 ’
245 773 387 838 blieanis
408 781 580 854 accurate,
609 779 647 836 ut
666 779 799 853 semper
818 770 938 835 solitus
966 780 1073 850 esset,
1087 771 1349 860 &eleganterque

208 931 211 940 .
244 858 371 924 dixisse
391 857 557 924 Laelium.
599 857 712 941 Quum
732 855 913 938 consules„
926 873 965 920 re
986 854 1114 940 audita,
1138 862 1285 941 emplius
1311 859 1346 923 de

183 958 185 986 ⁵
244 943 380 1010 consilii
412 942 578 1009 sententia
609 940 952 1025 pronunciavissent3·
981 943 1099 1025 paucis
1129 944 1347 1026 interpositis

121 1034 122 1040 ’
244 1030 365 1096 diebus
395 1017 520 1093 iterum
547 1026 702 1092 Laelium
731 1027 838 1102 multo
858 1023 1055 1114 diligentius
1077 1031 1272 1116 meliusque
1296 1031 1348 1101 di·

57 1137 59 1146 ’
189 1127 196 1142 ”
243 1115 578 1200 aisse,.iternmque
611 1113 729 1177 eodem
754 1113 854 1178 modo
880 1133 901 1177 a
931 1109 1127 1180 consulibus
1144 1127 1244 1179 'rem'
1269 1130 1348 1180 esse

242 1201 418 1286 prolatam·
467 1197 557 1264 rum
582 1199 756 1282 Laelium,
784 1216 891 1282 quum
921 1215 1001 1263 eum
1021 1199 1106 1265 socii
1126 1197 1267 1266 domum
1289 1220 1347 1265 re·

242 1281 423 1351 'duxissent
443 1285 656 1374 egissentque
678 1285 802 1372 gratias
824 1292 875 1366 at,
897 1301 941 1348 ue
963 1283 1229 1372 'defatigaretum
1264 1305 1345 1350 ora-

241 1373 392 1449 ¹sissent,
425 1370 578 1436 locutum
607 1367 681 1434 ess'a
706 1371 777 1436 itas
815 1389 873 1449 se,
903 1388 990 1454 quae
1009 1369 1161 1449 fecisset,
1177 1369 1348 1435 'honoris

88 1475 113 1528 ,·
242 1474 364 1522 eoram
384 1454 502 1520 caused
523 1451 670 1520 studiose
691 1463 915 1538 accurateque
937 1456 1073 1532 lecisse;
1101 1453 1161 1517 sed
1181 1473 1218 1520 se
1239 1457 1349 1522 a‘rbi-

185 1543 191 1562 ‘
219 1541 331 1612 „trari
360 1559 512 1606 caussam
539 1543 633 1606 illam
661 1561 681 1604 a
710 1539 783 1608 Ser.
811 1541 938 1618 Galbs,
968 1541 1058 1626 qued
1083 1541 1170 1604 isin
1191 1541 1344 1604 dicendo

141 1624 146 1634 '
173 1635 192 1670 ι·
243 1627 385 1776 {rarior
410 1629 590 1710 acriorque
620 1635 726 1706 esset,
755 1625 893 1713 gravius
922 1633 958 1689 et
985 1626 1218 1706 vehementius
1239 1645 1343 1710 poseo

268 1712 388 1777 efondi.
429 1711 548 1796 Itaque
568 1714 770 1777 auctoritate
784 1711 820 1778 G.
836 1709 948 1775 Laelii
965 1713 1163 1795 publicanos
1183 1727 1349 1790 caussamg

196 1797 406 1891 87detulisss
424 1799 468 1863 ad
488 1799 643 1864 Galbam:
671 1798 769 1862 illum
790 1807 919 1879 sutem,
941 1797 1032 1883 quod
1053 1797 1088 1861 ei
1107 1799 1185 1862 viro
1215 1797 1349 1872 succes}

241 1882 389 1952 dendum
409 1893 514 1969 esset,
536 1883 729 1951 verecundo
749 1891 784 1948 ct
797 1882 990 1949 dubitanter
1006 1883 1184 1969 recepisse.
1225 1883 1340 1948 Unum

242 1969 340 2053 quasi
361 1971 675 2053 comperendinatus
697 1968 846 2036 medium
866 1968 956 2034 didm
977 1971 1094 2052 fuisse,
1115 1978 1214 2060 quem
1231 1979 1349 2035 totum

125 2119 128 2126 .
177 2121 189 2134 ,
241 2057 382 2122 Galbam
402 2057 440 2122 in
460 2053 704 2122 considerandi
725 2049 843 2121 caussa
862 2055 1158 2138 componendaque
1178 2053 1349 2139 posuissel

241 2141 298 2224 ei,
322 2135 428 2224 quuin
448 2142 652 2228 cognitionis
673 2141 746 2206 dies
768 2149 857 2226 esset
877 2150 912 2204 et
931 2144 1004 2228 ipse
1024 2141 1184 2208 ‚Rutulus
1212 2152 1339 2228 rogatu

240 2227 414 2293 sociorum
434 2224 571 2291 domum
592 2226 635 2292 sd
658 2227 796 2291 Galbam
817 2245 914 2291 mane
935 2228 1096 2306 venisset,
1109 2237 1157 2292 ut
1177 2245 1252 2290 aum
1274 2227 1339 2290 ad-

152 2310 156 2318 ’
239 2322 394 2376 moneret
419 2320 456 2378 et
482 2310 527 2377 ad
554 2310 700 2376 dicendl'
716 2322 848 2396 tempus
875 2311 1077 2393 adduceret,
1099 2332 1202 2398 usque
1222 2307 1337 2394 iilum,

241 2394 353 2480 quoad
368 2396 409 2461 ei
426 2399 617 2462 nunfiatum
638 2407 727 2464 esset
747 2397 901 2462 consules
922 2397 1153 2480 descendisse,
1181 2400 1335 2464 omnibus

151 2542 153 2550 ,
174 2495 194 2511 “·
219 2484 223 2514 ³
241 2481 389 2547 exclusis
406 2493 674 2548 ,commentatum
705 2483 742 2546 in
770 2481 910 2567 quadam
931 2483 1099 2560 testudine
1120 2487 1333 2550 oum-servis

193 2591 197 2600 ’
238 2568 387 2660 literatis
406 2568 532 2648 luisse,
562 2588 707 2652 quorum
725 2568 811 2643 ¹,eliis
838 2567 930 2633 aliud
956 2559 1087 2636 ‘dictare
1110 2569 1227 2634 eodem
1248 2575 1347 2634 tem-·

237 2671 323 2736 pore
357 2653 475 2718 solitus
502 2664 599 2728 esset
647 2654 787 2720 interim
815 2672 918 2738 quum
951 2665 1041 2719 esset
1055 2687 1062 2712 ι
1076 2657 1109 2718 ei
1138 2654 1331 2720 nuntiatum

237 2747 372 2837 tempus
393 2757 484 2820 esse,
506 2741 616 2804 exisse
637 2741 674 2803 in
687 2740 796 2826 joedes
818 2759 859 2804 eo
881 2739 994 2805 colore
1016 2740 1115 2812 eliis
1136 2741 1260 2820 oculis,
1274 2735 1332 2806 lut

118 2879 120 2884 ,
190 2825 349 2912 dbegisse
379 2843 550 2905 caussam,
584 2843 652 2887 non
685 2834 943 2891 commentatum
979 2836 1125 2910 putares.
1181 2822 1332 2906 Addebat

236 2912 340 2975 etiam
369 2909 472 2994 idque
499 2910 640 2975 adrem
667 2911 841 2994 pertinere
862 2914 1018 2994 putabat,
1049 2911 1230 2996 scriptores
1249 2911 1328 2976 illos

236 2997 325 3060 mele
353 2996 518 3075 usuloalos
544 2997 653 3061 exisse
681 3017 757 3061 cum
789 2995 910 3064 Galba*
953 2999 1002 3078 Er
1032 3018 1098 3083 quo
1117 2997 1326 3082 'significabat

235 3082 335 3146 illum
355 3078 422 3144 non
442 3083 480 3146 in
498 3082 629 3169 agendo
649 3083 779 3166 solum',
800 3082 860 3147 sed
881 3081 982 3146 etiam
1003 3082 1040 3148 in
1061 3083 1249 3150 meditando
1269 3104 1325 3149 ve·
1345 3135 1346 3148 ,

235 3165 440 3232 humentem
456 3177 561 3251 atque
584 3158 757 3234 incensum
788 3170 903 3234 fuisse.
951 3167 1042 3254 Quid
1062 3159 1191 3237 multa?
1212 3167 1346 3254 magnai

152 3262 155 3271 ·
236 3233 503 3335 exspectdtiona,
531 3253 688 3341 plurimis
710 3255 934 3319 ‘audientibus
963 3273 1076 3320 coram
1105 3259 1181 3337 ipso
1208 3255 1324 3318 Laefio

232 3335 400 3400 s'icsillam
417 3339 589 3419 caussam,
618 3348 710 3402 tanta
736 3341 775 3404 vi
807 3339 967 3424 mutique
1001 3343 1166 3428 gravitate
1201 3339 1323 3403 dixisse

234 3417 395 3503 Galbam,
414 3421 567 3486 utnulla
587 3425 660 3488 iere
682 3445 761 3506 pars
779 3429 944 3492 orationis
964 3427 1099 3491 silentio
1120 3425 1320 3508 praeterire·

232 3516 300 3570 tur.
339 3507 460 3592 ltaque
479 3507 596 3573 multis
619 3509 766 3594 querelis
789 3505 965 3598 milesque
989 3509 1205 3576 miseratione
1230 3509 1318 3574 adhi-

232 3591 304 3656 bita
335 3595 446 3682 socios
476 3593 632 3662 omnibus
658 3597 923 3687 approbantibus
954 3601 1018 3666 illa
1042 3596 1100 3680 die
1127 3596 1321 3682 quaestione

228 3676 495 3754 liberatorem.
793 3700 795 3708 ·
1269 3700 1271 3715 ¹

183 3755 227 3839 89
260 3789 263 3804 ¹
315 3761 445 3832 XXlll.
465 3765 516 3832 Ex
535 3763 788 3836 hacdutibana
809 3771 1003 3834 narratione
1032 3767 1200 3852 suspicari
1228 3766 1314 3850 licet,

193 3867 211 3942 .'
229 3863 336 3932 quum
356 3850 443 3916 duae
469 3835 617 3920 summai
638 3855 707 3931 sint
725 3857 762 3920 in
784 3853 920 3919 oratore
940 3849 1077 3937 laudes,
1098 3875 1165 3936 una
1191 3852 1316 3920 sublili-

228 3943 285 3997 ter
303 3934 498 4019 disputandi
517 3937 560 4003 ad
587 3939 803 4020 docendum,
821 3940 929 4002 altera
955 3943 1110 4024 graviter
1135 3941 1251 4024 agendi
1274 3941 1314 4005 ad

224 4017 356 4098 animos
377 4019 587 4090 audientium
607 4021 871 4108 permovendos,
890 4021 1065 4106 multoque
1081 4025 1162 4110 'plus
1189 4027 1315 4111 profici-

225 4112 262 4169 at
291 4105 342 4190 is,
370 4106 429 4192 qui
456 4101 640 4180 inflammet
668 4107 832 4186 iudicem,
865 4125 967 4194 quam
992 4107 1073 4206 ille,
1110 4111 1171 4220 spui
1197 4112 1315 4187 doceat,
