2744 4560
87 73 184 110 .l
779 61 782 70 ’
953 101 956 112 .

211 166 296 236 ιιι
607 157 895 260 ¹'eeoms
949 165 1000 202 ··

215 333 325 398 aetate
355 335 390 390 et
420 343 497 390 cum
525 333 598 396 toa,
630 321 757 403 Bruta,
785 334 821 389 et
840 341 918 392 cum
932 321 1127 409 aliqasmo}
1133 323 1336 416 superiore

121 419 124 434 '
218 401 452 513 coniungi'tur5
482 410 644 495 siquidem
674 421 709 474 et
734 404 859 476 Graeco
888 410 968 476 vivo
991 411 1106 474 dicere
1127 403 1282 477 solebat
1304 423 1335 474 et

181 561 189 582 ,
219 497 327 602 magis
353 501 421 562 iam
448 500 550 560 etiam
575 497 713 600 vigebat
731 516 810 561 cum
830 496 977 564 Antonio
998 505 1041 561 et
1054 515 1132 560 com
1153 496 1333 579 Philippo

128 621 129 629 ι
173 615 176 623 ·
217 585 293 648 iam
309 603 388 647 sene
408 602 472 667 pro
488 584 549 649 Gn.
556 581 715 665 Pompeii
737 583 833 646 bonis
855 582 999 646 dicente
1042 583 1080 648 ln
1100 582 1162 644 illa
1187 602 1332 662 caussa,

219 668 412 745 adolescens
431 689 528 753 quum
549 677 654 747 esset,
677 668 846 771 princeps
854 670 922 731 fuit
942 669 1009 732 et
997 689 1034 730 ιιι
1056 687 1202 748 eorum,
1244 687 1332 751 quos

162 771 165 780 ’
220 757 257 819 in
288 755 435 858 Sulpicii
461 763 567 821 aetate
593 756 710 837 posui,
740 773 918 818 numerum
938 753 1037 818 facile
1057 763 1282 838 peruenerat
1303 763 1332 816 et

216 861 300 907 suos
322 843 412 904 inter
431 840 600 924 aequales,
622 838 670 902 Μ
691 839 864 920 Pisonem,
887 837 935 903 Μ.
957 839 1135 941 Crassum,
1152 820 1223 904 Cn.
1242 841 1328 902 Len·

126 941 127 946 ’
221 929 348 1008 tulum,
377 926 414 992 P.
444 927 626 990 Lentulum
655 924 776 990 Suram
797 925 896 1027 longe
917 926 1087 1008 praestitit
1105 934 1139 988 et
1158 944 1223 987 me
1250 924 1325 988 ado

79 1068 81 1078 ,
221 1014 403 1093 lescentem
434 1021 546 1076 nactus
575 1019 649 1074 octo
677 1013 773 1073 annis
800 1012 984 1093 minorem,
1011 1029 1113 1094 quam
1133 1020 1218 1076 erat
1242 1012 1318 1093 ipse,

113 1095 133 1140 ¹.
202 1084 377 1172 ·multos'
366 1116 470 1168 annos
490 1098 530 1158 in
546 1096 656 1160 stadio
673 1095 824 1160 eiusdem
844 1097 955 1175 laudis
975 1096 1129 1161 exercuit
1150 1102 1189 1160 et
1212 1105 1311 1159 tecon
1350 1135 1351 1164 ι

151 1187 155 1202 “
223 1185 345 1258 simul
364 1186 454 1248 sicut
474 1201 537 1268 ego
557 1194 620 1266 pro
641 1183 772 1262 multis,
794 1181 845 1246 sic
865 1183 925 1248 ille
937 1201 1009 1306 pro
1034 1181 1145 1305 Appio
1177 1181 1314 1248 Claudio

192 1267 332 1349 dixit,
352 1265 463 1350 paullo
483 1277 559 1332 ante
581 1277 778 1333 mortam.
853 1301 856 1314 ·
894 1297 898 1305 ·

112 1332 214 1421 231
307 1353 417 1419 LXV
459 1353 567 1428 Vides
587 1355 707 1438 igitur,
728 1364 765 1420 ιιι
784 1353 827 1419 ad
849 1363 882 1418 te
903 1363 1083 1427 oratorem,
1104 1355 1246 1428 Brute,
1244 1374 1317 1439 per·

222 1441 436 1518 venerimus,
465 1449 533 1503 tam
563 1440 679 1510 multis
706 1441 797 1504 inter
822 1451 974 1506 nostrum
1000 1451 1165 1526 tuumque
1186 1442 1314 1506 initium

224 1525 361 1589 dicendi
382 1523 590 1609 interpositis
613 1517 828 1606 orator‘ibus2
864 1520 1065 1610 exquibus,
1096 1531 1268 1610 quoniam
1286 1531 1314 1588 in
1350 1557 1351 1614 ι

21 1662 22 1672 ,
130 1635 131 1639 ¹
224 1611 300 1675 hoc
309 1629 463 1676 sermone
484 1622 600 1675 nostro
621 1613 725 1678 statui
740 1613 907 1676 neminem
920 1615 1127 1696 eorum,t1ui
1148 1616 1351 1689 viverent,

20 1681 31 1704 ⁸
133 1735 157 1789 '‚
224 1698 416 1776 nominare,
443 1717 486 1759 ne
513 1717 575 1762 vos
604 1697 774 1761 curiosius
803 1699 973 1762 eliceretis
1000 1719 1043 1763 ex
1064 1719 1139 1781 me,
1172 1699 1309 1784 quidde

228 1803 363 1868 quoque
383 1782 581 1864 iudicarem,
603 1800 674 1861 eos,
696 1785 757 1864 qui
776 1785 844 1848 iam
865 1795 944 1849 sunt
964 1786 1106 1886 mortui,
1127 1787 1304 1856 nominabo

227 1869 315 1933 Tum
337 1870 479 1950 Brutus,
505 1887 576 1970 ιιιιι
601 1877 670 1972 est,
696 1868 824 1970 inquit,
844 1870 910 1934 ista
931 1873 1069 1946 caussa',
1093 1891 1199 1953 quam
1225 1872 1351 1946 dicis,

226 1957 443 2039 quamobrem
465 1954 539 2019 de
528 1957 583 2026 ris,
606 1957 665 2038 qui
686 1957 817 2024 vivunt
833 1955 930 2030 nihil
939 1958 1026 2022 velis
1047 1915 1172 2019 dicere.
1208 1959 1351 2041 Quae·

226 2063 303 2105 uam
330 2043 457 2126 igitur,
487 2043 641 2123 iuquam,
671 2037 744 2104 est?
770 2041 913 2106 Vereri
933 2052 983 2124 te,
1003 2043 1135 2124 inquit,
1157 2043 1314 2118 arbitror,

152 2156 154 2162 ¹
193 2175 204 2206 Ι.
226 2147 269 2190 ne
290 2145 354 2210 per
373 2147 434 2190 nos
456 2127 516 2190 hic
533 2142 645 2189 sermo
666 2135 743 2190 tuns
766 2137 915 2208 emanet,
949 2129 1016 2191 ct
1005 2129 1033 2191 ii
1056 2129 1121 2190 tibi
1142 2148 1314 2196 succense-

83 2213 117 2272 “.
159 2220 164 2236 ’
226 2221 314 2291 ant,
326 2231 409 2293 quos
430 2206 669 2292 praeterieris
702 2209 813 2294 Quid²
840 2231 921 2288 vos,
942 2215 1092 2296 inquam,
1117 2223 1220 2276 tacere
1240 2229 1308 2270 uon
1350 2247 1351 2256 ι

226 2295 407 2377 poteritis²
447 2295 534 2360 Nos
541 2297 692 2380 quidem,
714 2299 843 2381 inquit,
864 2299 1042 2362 facillime.
1070 2297 1130 2362 sed
1147 2307 1255 2358 tamen
1273 2306 1308 2356 te
1350 2315 1351 2352 3

225 2384 378 2445 arbitror
405 2383 504 2444 malle
531 2381 651 2464 ipsunt
672 2389 803 2462 tacere,
838 2401 938 2466 quam
965 2367 1227 2448 taciturnitatem
1254 2401 1313 2443 no-

80 2463 82 2472 ’
158 2477 332 2546 metram
351 2469 510 2558 esperiri
551 2467 1166 2571 Tumego,Vere‚rnquan1,tibi,
1199 2468 1312 2546 Brute,

116 2595 118 2600 ι
178 2614 182 2618 ,
226 2553 346 2617 dicein.
371 2551 467 2630 Non
495 2569 548 2615 me
576 2553 767 2617 existimavi
796 2553 833 2616 iu
857 2555 923 2619 hoc
953 2573 1107 2635 sermons
1139 2555 1311 2637 usquead

224 2639 311 2704 hanc
331 2647 476 2724 aetatem
496 2657 569 2704 csse
591 2645 787 2705 venturum:
805 2640 892 2721 sed⁸
881 2651 929 2704 ita
946 2644 1049 2704 traxit
1065 2638 1149 2702 ordo
1171 2649 1351 2702 actatum

180 2799 182 2805 Ι
224 2727 424 2804 orationem,
445 2726 516 2790 ιιι
505 2741 573 2787 ram
593 2723 636 2788 ad
658 2727 805 2790 minores
827 2727 929 2790 etiam
945 2727 1170 2809 pervenerim.
1212 2725 1307 2788 luter·
1350 2775 1351 2778 ι

150 2799 156 2822 ”
208 2809 313 2892 ’”ιιιιιι
334 2808 464 2896 igitur,
482 2806 614 2893 iuquit,
637 2812 681 2873 si
690 2831 773 2894 quos
794 2811 948 2876 videtum
986 2811 1109 2874 deinde
1139 2810 1303 2876 redeamus

216 2897 273 2972 ,ad
288 2907 322 2960 te
344 2907 378 2960 ct
398 2895 440 2959 ed
460 2897 691 2962 Hortensium.
731 2897 802 2960 lmo
823 2917 918 2976 ιιιι,
935 2899 1087 2980 inquam,
1110 2895 1153 2960 ad
1169 2897 1307 2960 Horten

124 2981 157 3028 '·
224 2986 328 3046 sium.
360 2983 401 3046 dc
423 3003 477 3045 me
499 2982 713 3060 aliidicent,
735 2984 847 3066 siqui
876 2983 998 3048 volent.
1048 2979 1307 3056 Minimevero,
1350 2993 1351 3000 ’

104 3120 107 3130 ι
214 3069 344 3151 inquit.
377 3067 494 3155 Nam,
516 3069 581 3135 etsi
601 3089 654 3133 ma
676 3069 775 3131 facile
796 3069 894 3132 omni
908 3078 967 3130 tuo
989 3087 1145 3132 sermone
1165 3071 1306 3146 tenuisti,

108 3163 117 3184 ”
196 3205 198 3212 .
226 3163 336 3226 tamen
356 3154 386 3216 is
408 3143 493 3214 mihi
514 3152 663 3254 longior
661 3155 822 3234 ridetur,
846 3153 935 3237 quod
957 3172 1105 3235 propero
1131 3153 1246 3218 erudire
1266 3153 1303 3213 de

176 3294 178 3302 ,
224 3245 256 3302 te
279 3258 341 3303 nse
361 3258 446 3304 vero
465 3239 595 3302 tanede
615 3239 802 3304 virtutibus
823 3239 959 3303 dicendi
980 3242 1070 3320 tuis,
1104 3259 1189 3324 quae
1208 3256 1298 3322 quum

223 3325 398 3390 omnibus
408 3334 479 3387 tum
508 3335 601 3389 certe
628 3325 716 3390 milti
741 3325 936 3389 notissimae
968 3337 1062 3405 sunt,
1096 3340 1191 3412 quam
1215 3319 1298 3403 qnod

150 3440 152 3448 ι
222 3410 347 3496 gradus
362 3420 437 3472 tuos
453 3417 487 3472 et
501 3411 599 3492 quasi
619 3427 795 3500 processus
815 3411 949 3475 dicendi
969 3411 1096 3476 studeo*
1104 3425 1300 3510 cognoscere

97 3469 431 3578 aidiicretur,
419 3513 584 3579 inquam,
603 3491 694 3559 tibi
693 3516 785 3574 mos,
821 3497 979 3579 quoniam
1008 3518 1061 3560 me
1087 3517 1157 3559 non
1180 3495 1301 3596 ingenii
1350 3525 1351 3540 ι

222 3582 489 3665 praedicatorem
511 3600 584 3646 csse
605 3580 677 3661 vis,
700 3581 762 3646 sed
779 3583 906 3647 laboris
927 3584 1004 3654 mei
1040 3574 1177 3646 Verum
1199 3580 1298 3642 in'tcr·
1350 3649 1351 3656 ι

22 3706 26 3720 ·
96 3673 124 3716 -‘
221 3686 362 3750 ponam,
384 3677 424 3730 ut
443 3667 572 3748 placet,
593 3667 678 3731 alios
700 3668 737 3732 et
754 3688 775 3732 a
797 3667 846 3732 Μ
868 3669 1007 3758 Crasso,
1015 3670 1088 3752 qni
1109 3669 1296 3748 tultaeqna·
1350 3677 1351 3742 Ῑ

113 3793 143 3803 ἰ
220 3753 265 3818 lia
286 3752 483 3827 Hortensii,
505 3751 673 3821 exordiar.
848 3781 850 3789 ¹
1228 3783 1232 3804 ι

226 3857 230 3866 ·
305 3837 431 3905 LXVI
471 3798 503 3904 le
524 3841 633 3928 igitur
652 3839 872 3904 mediocriter
891 3860 912 3902 a
938 3837 1093 3903 doctrina
1113 3837 1299 3914 instructus,
1350 3891 1351 3952 ι

219 3926 393 4008 angustius
408 3907 525 3986 etiam
553 3944 573 3989 a
598 3935 753 4006 natura,
767 3927 884 3990 labore
906 3935 941 3988 et
959 3923 1128 4004 industria
1149 3935 1199 3996 et,
1218 3923 1351 4024 ιιιιιι

188 4039 194 4045 ·
218 4011 400 4077 adhibebat
417 4011 459 4074 ad
480 4011 675 4076 obtinendas
698 4027 829 4075 caussas
849 4030 967 4088 curam
987 4012 1090 4074 ctiam
1106 4019 1151 4072 et
1159 4011 1300 4094 gratiam,
1350 4019 1351 4028 ’

182 4095 253 4160 in
273 4097 486 4199 principibus
507 4099 675 4184 patronis
679 4097 810 4182 aliquot
829 4115 932 4168 annos
949 4085 1024 4182 init.
1066 4096 1106 4159 In
1121 4093 1219 4197 huius
1234 4113 1299 4160 ora-
